<record><leader>00000cas a2200000 a 4500</leader><controlfield tag="001">10588062</controlfield><controlfield tag="008">840403d18881894iludr ne      0   a0eng c</controlfield><datafield ind1=" " ind2=" " tag="010"><subfield code="a">sn 84037010 </subfield></datafield><datafield ind1=" " ind2=" " tag="040"><subfield code="a">CRL</subfield><subfield code="b">eng</subfield><subfield code="c">CRL</subfield><subfield code="d">NPW</subfield><subfield code="d">NPT</subfield><subfield code="d">DLC</subfield><subfield code="d">OCL</subfield><subfield code="d">NVF</subfield><subfield code="d">CVF</subfield><subfield code="d">NVF</subfield><subfield code="d">OCLCQ</subfield><subfield code="d">NVF</subfield><subfield code="d">DLC</subfield><subfield code="d">OCLCQ</subfield><subfield code="d">OCLCF</subfield><subfield code="d">NVF</subfield><subfield code="d">OCLCO</subfield><subfield code="d">CRL</subfield></datafield><datafield ind1=" " ind2=" " tag="019"><subfield code="a">10575270</subfield></datafield><datafield ind1=" " ind2=" " tag="042"><subfield code="a">pcc</subfield></datafield><datafield ind1=" " ind2=" " tag="043"><subfield code="a">n-us-il</subfield></datafield><datafield ind1="0" ind2="0" tag="050"><subfield code="a">Newspaper</subfield></datafield><datafield ind1="0" ind2=" " tag="130"><subfield code="a">Chicago times (Chicago, Ill. : 1888)</subfield></datafield><datafield ind1="1" ind2="4" tag="245"><subfield code="a">The Chicago times.</subfield></datafield><datafield ind1="1" ind2=" " tag="246"><subfield code="i">Sunday issues published as:</subfield><subfield code="a">Chicago Sunday times</subfield><subfield code="f">June 11, 1893-Dec. 2, 1894</subfield></datafield><datafield ind1=" " ind2=" " tag="260"><subfield code="a">Chicago, Ill. :</subfield><subfield code="b">W.F. Storey,</subfield><subfield code="c">1888-1894.</subfield></datafield><datafield ind1=" " ind2=" " tag="300"><subfield code="a">v.</subfield></datafield><datafield ind1=" " ind2=" " tag="310"><subfield code="a">Daily</subfield></datafield><datafield ind1=" " ind2=" " tag="336"><subfield code="a">text</subfield><subfield code="b">txt</subfield><subfield code="2">rdacontent</subfield></datafield><datafield ind1=" " ind2=" " tag="337"><subfield code="a">unmediated</subfield><subfield code="b">n</subfield><subfield code="2">rdamedia</subfield></datafield><datafield ind1=" " ind2=" " tag="338"><subfield code="a">volume</subfield><subfield code="b">nc</subfield><subfield code="2">rdacarrier</subfield></datafield><datafield ind1="0" ind2=" " tag="362"><subfield code="a">Vol. 34 (Apr. 18, 1888)-v. 36 (Sept. 10, 1890) ; v. 36, whole no. 13,092 (Sept. 11, 1890)-v. 36, no. 14,057 (May 3, 1893) ; v. 39, no. 273 (May 4, 1893)-v. 41, no. 121 (Dec. 3, 1894).</subfield></datafield><datafield ind1=" " ind2=" " tag="580"><subfield code="a">Weekly ed.: Chicago times (Chicago, Ill. : Weekly : 1888), 1888-&lt;1890&gt;</subfield></datafield><datafield ind1=" " ind2="0" tag="651"><subfield code="a">Chicago (Ill.)</subfield><subfield code="v">Newspapers.</subfield></datafield><datafield ind1=" " ind2="7" tag="651"><subfield code="a">Illinois</subfield><subfield code="z">Chicago.</subfield><subfield code="2">fast</subfield><subfield code="0">(OCoLC)fst01204048</subfield></datafield><datafield ind1=" " ind2="7" tag="655"><subfield code="a">Newspapers.</subfield><subfield code="2">fast</subfield><subfield code="0">(OCoLC)fst01423814</subfield></datafield><datafield ind1=" " ind2=" " tag="752"><subfield code="a">United States</subfield><subfield code="b">Illinois</subfield><subfield code="c">Cook</subfield><subfield code="d">Chicago.</subfield></datafield><datafield ind1="1" ind2=" " tag="775"><subfield code="t">Chicago times (Chicago, Ill. : Weekly : 1888)</subfield><subfield code="w">(DLC)sn 97062044</subfield><subfield code="w">(OCoLC)37794938</subfield></datafield><datafield ind1="0" ind2="8" tag="776"><subfield code="i">Online version:</subfield><subfield code="t">Chicago times (Chicago, Ill. : 1888)</subfield><subfield code="w">(OCoLC)953829276</subfield></datafield><datafield ind1="0" ind2="0" tag="780"><subfield code="t">Times (Chicago, Ill. : 1881)</subfield><subfield code="w">(DLC)sn 84037009</subfield><subfield code="w">(OCoLC)10575241</subfield></datafield><datafield ind1="0" ind2="0" tag="785"><subfield code="t">Times (Chicago, Ill. : 1894)</subfield><subfield code="w">(DLC)sn 84037011</subfield><subfield code="w">(OCoLC)10575253</subfield></datafield><datafield ind1="1" ind2=" " tag="029"><subfield code="a">AU@</subfield><subfield code="b">000020333647</subfield></datafield></record>